@misc{repo-sp,
howpublished="\url{https://github.com/cosmicexplorer/simultaneous-productions}",
author="Danny McClanahan",
title="Simultaneous Productions git repository on github",
year=2019,
note="Accessed on 2021-06-20",
}
